@book{Jewitt:book,
      author        = {{Jewitt}, D. and {Morbidelli}, A. and {Rauer}, H.},
      title         = "{Trans-neptunian objects and comets}",
      journal       = {Swiss Society for Astrophysics and Astronomy},
      publisher     = {Springer},
      address       = {Dordrecht},
      series        = {Saas-Fee Advanced Course},
      year          = {2007},
      url           = {http://cds.cern.ch/record/1251457},
}


@ARTICLE{2016ApJ...825L..13S,
   author = {{Sheppard}, S.~S. and {Trujillo}, C. and {Tholen}, D.~J.},
    title = "{Beyond the Kuiper Belt Edge: New High Perihelion Trans-Neptunian Objects with Moderate Semimajor Axes and Eccentricities}",
  journal = {Astrophysical Journal Letter},
archivePrefix = "arXiv",
   eprint = {1606.02294},
 primaryClass = "astro-ph.EP",
 keywords = {comets: general, Kuiper Belt: general, minor planets, asteroids: general, Oort Cloud, planets and satellites: individual: Sedna, 2012 VP113, 2004 XR190 },
     year = 2016,
    month = jul,
   volume = 825,
      eid = {L13},
    pages = {L13},
      doi = {10.3847/2041-8205/825/1/L13},
   adsurl = {http://adsabs.harvard.edu/abs/2016ApJ...825L..13S},
  adsnote = {Provided by the SAO/NASA Astrophysics Data System}
}


@INBOOK{2008ssbn.book...43G,
   author = {{Gladman}, B. and {Marsden}, B.~G. and {Vanlaerhoven}, C.},
    title = "{Nomenclature in the Outer Solar System}",
booktitle = {The Solar System Beyond Neptune},
     year = 2008,
   editor = {{Barucci}, M.~A. and {Boehnhardt}, H. and {Cruikshank}, D.~P. and {Morbidelli}, A. and {Dotson}, R.},
    pages = {43-57},
   adsurl = {http://adsabs.harvard.edu/abs/2008ssbn.book...43G},
  adsnote = {Provided by the SAO/NASA Astrophysics Data System}
}


@ARTICLE{2011Natur.478..493S,
   author = {{Sicardy}, B. and {Ortiz}, J.~L. and {Assafin}, M. and {Jehin}, E. and 
  {Maury}, A. and {Lellouch}, E. and {Hutton}, R.~G. and {Braga-Ribas}, F. and 
  {Colas}, F. and {Hestroffer}, D. and {Lecacheux}, J. and {Roques}, F. and 
  {Santos-Sanz}, P. and {Widemann}, T. and {Morales}, N. and {Duffard}, R. and 
  {Thirouin}, A. and {Castro-Tirado}, A.~J. and {Jel{\'{\i}}nek}, M. and 
  {Kub{\'a}nek}, P. and {Sota}, A. and {S{\'a}nchez-Ram{\'{\i}}rez}, R. and 
  {Andrei}, A.~H. and {Camargo}, J.~I.~B. and {da Silva Neto}, D.~N. and 
  {Gomes}, A.~R. and {Martins}, R.~V. and {Gillon}, M. and {Manfroid}, J. and 
  {Tozzi}, G.~P. and {Harlingten}, C. and {Saravia}, S. and {Behrend}, R. and 
  {Mottola}, S. and {Melendo}, E.~G. and {Peris}, V. and {Fabregat}, J. and 
  {Madiedo}, J.~M. and {Cuesta}, L. and {Eibe}, M.~T. and {Ull{\'a}n}, A. and 
  {Organero}, F. and {Pastor}, S. and {de Los Reyes}, J.~A. and 
  {Pedraz}, S. and {Castro}, A. and {de La Cueva}, I. and {Muler}, G. and 
  {Steele}, I.~A. and {Cebri{\'a}n}, M. and {Monta{\~n}{\'e}s-Rodr{\'{\i}}guez}, P. and 
  {Oscoz}, A. and {Weaver}, D. and {Jacques}, C. and {Corradi}, W.~J.~B. and 
  {Santos}, F.~P. and {Reis}, W. and {Milone}, A. and {Emilio}, M. and 
  {Guti{\'e}rrez}, L. and {V{\'a}zquez}, R. and {Hern{\'a}ndez-Toledo}, H.
  },
    title = "{A Pluto-like radius and a high albedo for the dwarf planet Eris from an occultation}",
  journal = {Nature},
     year = 2011,
   volume = 478,
    pages = {493-496},
      doi = {10.1038/nature10550},
   adsurl = {http://adsabs.harvard.edu/abs/2011Natur.478..493S},
  adsnote = {Provided by the SAO/NASA Astrophysics Data System}
}


@INPROCEEDINGS{2011epsc.conf.1060B,
   author = {{Braga-Ribas}, F. and {Sicardy}, B. and {Ortiz}, J.~L. and {Jehin}, E. and 
  {Camargo}, J.~I.~B. and {Assafin}, M. and {Behrend}, R. and 
  {Unda-Sanzana}, E. and {Colque}, J.~P. and {Morales}, N. and 
  {Tancredi}, G. and {Roland}, S. and {Bruzzone}, S. and {Salvo}, R. and 
  {Almenares}, L. and {Emilio}, M. and {Schoenell}, W. and {Gil-Hutton}, R. and 
  {Milone}, A. and {Jacques}, C. and {Vanzi}, L. and {Kavelaars}, J.~J. and 
  {Cacella}, P. and {Maury}, A. and {Alvarez}, E. and {van der Bliek}, N.~S. and 
  {Vieira-Martins}, R. and {Colas}, F. and {Lecacheux}, J. and 
  {Vachier}, F. and {Roques}, F. and {Widemann}, T. and {Thirouin}, A. and 
  {Gillon}, M. and {Manfroid}, J. and {Bergengruen}, A. and {Martinez}, M. and 
  {Capeche}, J. and {Amorim}, A. and {Pimentel}, E. and {Leiva}, R. and 
  {Toledo}, I. and {Almeida}, L.~A. and {Magalh{\~a}es}, V.~S. and 
  {Monta{\~n}a}, C.~E. and {Rodrigues}, C.~V.},
    title = "{Stellar Occultations by TNOs: the January 08, 2011 by (208996) 2003 AZ84 and the May 04, 2011 by (50000) Quaoar}",
booktitle = {EPSC-DPS Joint Meeting 2011},
     year = 2011,
    pages = {1060},
   adsurl = {http://adsabs.harvard.edu/abs/2011epsc.conf.1060B},
  adsnote = {Provided by the SAO/NASA Astrophysics Data System}
}


@INPROCEEDINGS{2011epsc.conf..704O,
   author = {{Ortiz}, J.~L. and {Sicardy}, B. and {Assafin}, M. and {Alvarez-Candal}, A. and 
  {Ivanov}, V.~D. and {Camargo}, J. and {Littlefair}, S. and {Unda-Sanzana}, E. and 
  {Jehin}, E. and {Braga-Ribas}, F. and {Lellouch}, E. and {Morales}, N. and 
  {Licandro}, J. and {Gil-Hutton}, R. and {Duffard}, R. and {Colque}, J.~P. and 
  {Tancredi}, G. and {Mafroid}, J. and {Thirouin}, A. and {Lecacheux}, J. and 
  {Gillon}, M. and {Maury}, A. and {Colas}, F. and {Jaques}, C. and 
  {Weaver}, D. and {Milone}, A. and {Salvo}, S. and {Bruzzone}, S. and 
  {Organero}, F. and {Behrend}, R. and {Roland}, S. and {Vieira-Martins}, R. and 
  {Widemann}, T. and {Roques}, F. and {Santos-Sanz}, P. and {Hestroffer}, D.
  },
    title = "{The stellar occultation by Makemake on 2011 April 23}",
booktitle = {EPSC-DPS Joint Meeting 2011},
     year = 2011,
    pages = {704},
   adsurl = {http://adsabs.harvard.edu/abs/2011epsc.conf..704O},
  adsnote = {Provided by the SAO/NASA Astrophysics Data System}
}


@ARTICLE{2014AGUFM.P43F..01B,
   author = {{Braga-Ribas}, F. and {Sicardy}, B. and {Ortiz}, J.~L. and {Vieira Martins}, R. and 
  {Colas}, F. and {Duffard}, R. and {Camargo}, J.~I.~B. and {Desmars}, J. and 
  {Gulbis}, A. and {Assafin}, M. and {Maquet}, L. and {Beisker}, W. and 
  {Benedetti-Rossi}, G. and {Vachier}, F. and {Dumas}, C. and 
  {Ivanov}, V.~D. and {Renner}, S. and {Bath}, K.~L. and {Klotz}, A. and 
  {Pollock}, J.~T.},
    title = "{The Ring System Discovered Around the Centaur Object (10199) Chariklo}",
  journal = {AGU Fall Meeting Abstracts},
 keywords = {6008 Composition, PLANETARY SCIENCES: COMETS AND SMALL BODIES, 6023 Comets: dust tails and trails, PLANETARY SCIENCES: COMETS AND SMALL BODIES, 6055 Surfaces, PLANETARY SCIENCES: COMETS AND SMALL BODIES, 6099 General or miscellaneous, PLANETARY SCIENCES: COMETS AND SMALL BODIES},
     year = 2014,
    pages = {F1},
   adsurl = {http://adsabs.harvard.edu/abs/2014AGUFM.P43F..01B},
  adsnote = {Provided by the SAO/NASA Astrophysics Data System}
}


@INPROCEEDINGS{2015DPS....4720009D,
   author = {{Dias-Oliveira}, A. and {Sicardy}, B. and {Lellouch}, E. and 
  {Vieira-Martins}, R. and {Assafin}, M. and {Ign{\'a}cio Bueno Camargo}, J. and 
  {Braga-Ribas}, F. and {Gomes-J{\'u}nior}, A. and {Bendetti-Rossi}, G. and 
  {Colas}, F. and {Decock}, A. and {Doressoundiram}, A. and {Dumas}, C. and 
  {Em{\'{\i}}lio}, M. and {Fabrega Polleri}, J. and {Gil-Hutton}, R. and 
  {Gillon}, M. and {Girard}, J. and {Hau}, G. and {Ivanov}, V. and 
  {Jehin}, E. and {Lecacheux}, J. and {Leiva}, R. and {Lopez-Sisterna}, C. and 
  {Mancini}, L. and {Manfroid}, J. and {Maury}, A. and {Meza}, E. and 
  {Morales}, N. and {Nagy}, L. and {Opitom}, C. and {Ortiz}, J.~L. and 
  {Pollock}, J. and {Roques}, F. and {Snodgrass}, C. and {Fran{\c c}ois Soulier}, J. and 
  {Thirouin}, A. and {Vanzi}, L. and {Widemann}, T. and {Reichart}, D. and 
  {LaCluyze}, A. and {Haislip}, J.~B. and {Ivarsen}, K. and {Dominik}, M. and 
  {J{\o}rgensen}, U. and {Skottfelt}, J.},
    title = "{Pluto's atmosphere from stellar occultations in 2012 and 2013}",
booktitle = {AAS/Division for Planetary Sciences Meeting Abstracts},
     year = 2015,
   series = {AAS/Division for Planetary Sciences Meeting Abstracts},
   volume = 47,
    month = nov,
      eid = {200.09},
    pages = {200.09},
   adsurl = {http://adsabs.harvard.edu/abs/2015DPS....4720009D},
  adsnote = {Provided by the SAO/NASA Astrophysics Data System}
}


@INPROCEEDINGS{2010DPS....42.2302E,
   author = {{Elliot}, J.~L. and {Person}, M.~J. and {Zuluaga}, C.~A. and 
  {Bosh}, A.~S. and {Adams}, E.~R. and {Brothers}, T.~C. and {Gulbis}, A.~A.~S. and 
  {Levine}, S.~E. and {Lockhart}, M. and {Zangari}, A.~M. and 
  {Babcock}, B.~A. and {DuPr{\'e}}, K. and {Pasachoff}, J.~M. and 
  {Souza}, S.~P. and {Rosing}, W. and {Secrest}, N.},
    title = "{Size and Albedo of the Kuiper Belt Object 55636}",
booktitle = {AAS/Division for Planetary Sciences Meeting Abstracts \#42},
     year = 2010,
   series = {Bulletin of the American Astronomical Society},
   volume = 42,
    pages = {991},
   adsurl = {http://adsabs.harvard.edu/abs/2010DPS....42.2302E},
  adsnote = {Provided by the SAO/NASA Astrophysics Data System}
}


@ARTICLE{2015A&A...584A..96D,
   author = {{Desmars}, J. and {Camargo}, J.~I.~B. and {Braga-Ribas}, F. and 
  {Vieira-Martins}, R. and {Assafin}, M. and {Vachier}, F. and 
  {Colas}, F. and {Ortiz}, J.~L. and {Duffard}, R. and {Morales}, N. and 
  {Sicardy}, B. and {Gomes-J{\'u}nior}, A.~R. and {Benedetti-Rossi}, G.
  },
    title = "{Orbit determination of trans-Neptunian objects and Centaurs for the prediction of stellar occultations}",
  journal = {A$\&$A},
archivePrefix = "arXiv",
   eprint = {1509.08674},
 primaryClass = "astro-ph.EP",
 keywords = {astrometry, celestial mechanics, occultations, Kuiper belt: general, methods: numerical},
     year = 2015,
   adsurl = {http://adsabs.harvard.edu/abs/2015A%26A...584A..96D},
  adsnote = {Provided by the SAO/NASA Astrophysics Data System}
}



@INPROCEEDINGS{2006ASPC..351..367B,
   author = {{Berthier}, J. and {Vachier}, F. and {Thuillot}, W. and {Fernique}, P. and 
  {Ochsenbein}, F. and {Genova}, F. and {Lainey}, V. and {Arlot}, J.-E.
  },
    title = "{SkyBoT, a new VO service to identify Solar System objects}",
booktitle = {Astronomical Data Analysis Software and Systems XV},
     year = 2006,
   series = {Astronomical Society of the Pacific Conference Series},
   volume = 351,
   editor = {{Gabriel}, C. and {Arviset}, C. and {Ponz}, D. and {Enrique}, S.
  },
    pages = {367},
   adsurl = {http://adsabs.harvard.edu/abs/2006ASPC..351..367B},
  adsnote = {Provided by the SAO/NASA Astrophysics Data System}
}


@INPROCEEDINGS{2011gfun.conf...85A,
   author = {{Assafin}, M. and {Vieira Martins}, R. and {Camargo}, J.~I.~B. and 
  {Andrei}, A.~H. and {Da Silva Neto}, D.~N. and {Braga-Ribas}, F.},
    title = "{PRAIA - Platform for Reduction of Astronomical Images Automatically}",
booktitle = {Gaia follow-up network for the solar system objects : Gaia FUN-SSO workshop proceedings, held at IMCCE -Paris Observatory, France, November 29 - December 1, 2010 / edited by Paolo Tanga, William Thuillot.- ISBN 2-910015-63-7, p. 85-88},
     year = 2011,
   editor = {{Tanga}, P. and {Thuillot}, W.},
    pages = {85-88},
   adsurl = {http://adsabs.harvard.edu/abs/2011gfun.conf...85A},
  adsnote = {Provided by the SAO/NASA Astrophysics Data System}
}


@ARTICLE{2010A&A...515A..32A,
   author = {{Assafin}, M. and {Camargo}, J.~I.~B. and {Vieira Martins}, R. and {Andrei}, A.~H. and {Sicardy}, B. and {Young}, L. and {da Silva Neto}, D.~N. and {Braga-Ribas}, F.},
    title = "{Precise predictions of stellar occultations by Pluto, Charon, Nix, and Hydra for 2008-2015}",
  journal = {A$\&$A},
 keywords = {astrometry, occultations, planets and satellites: individual: Pluto, planets and satellites: individual: Charon, planets and satellites: individual: Nix, planets and satellites: individual: Hydra},
     year = 2010,
   volume = 515,
      eid = {A32},
    pages = {A32},
      doi = {10.1051/0004-6361/200913690},
   adsurl = {http://adsabs.harvard.edu/abs/2010A%26A...515A..32A},
  adsnote = {Provided by the SAO/NASA Astrophysics Data System}
}


@ARTICLE{2012A&A...541A.142A,
   author = {{Assafin}, M. and {Camargo}, J.~I.~B. and {Vieira Martins}, R. and 
  {Braga-Ribas}, F. and {Sicardy}, B. and {Andrei}, A.~H. and 
  {da Silva Neto}, D.~N.},
    title = "{Candidate stellar occultations by large trans-Neptunian objects up to 2015}",
  journal = {A$\&$A},
archivePrefix = "arXiv",
   eprint = {1204.4234},
 primaryClass = "astro-ph.EP",
 keywords = {astrometry, occultations, Kuiper belt: general},
     year = 2012,
   volume = 541,
      eid = {A142},
    pages = {A142},
      doi = {10.1051/0004-6361/201118349},
   adsurl = {http://adsabs.harvard.edu/abs/2012A%26A...541A.142A},
  adsnote = {Provided by the SAO/NASA Astrophysics Data System}
}


@ARTICLE{2014A&A...561A..37C,
   author = {{Camargo}, J.~I.~B. and {Vieira-Martins}, R. and {Assafin}, M. and 
  {Braga-Ribas}, F. and {Sicardy}, B. and {Desmars}, J. and {Andrei}, A.~H. and 
  {Benedetti-Rossi}, G. and {Dias-Oliveira}, A.},
    title = "{Candidate stellar occultations by Centaurs and trans-Neptunian objects up to 2014}",
  journal = {A$\&$A},
 keywords = {astrometry, occultations, Kuiper belt: general},
     year = 2014,
   volume = 561,
      eid = {A37},
    pages = {A37},
      doi = {10.1051/0004-6361/201322579},
   adsurl = {http://adsabs.harvard.edu/abs/2014A%26A...561A..37C},
  adsnote = {Provided by the SAO/NASA Astrophysics Data System}
}


@PHDTHESIS{PhdBraga-Ribas,
   author={Braga-Ribas, F},
   title={Explorando os objetos transnetunianos pelo m\'etodo de oculta\c{c}\~oes estelares: Predi\c{c}\~ao, Observa\c{c}\~ao, Quaoar e os primeiros resultados},
   address={Rio de Janeiro},
   school={Observatório Nacional/MCTI},
   year=2013}


@BOOK{Howell-Handbook,
   author = "Steve B. Howell",
   title = "Handbook of CCD Astronomy",
   edition = "2",
   address = "New York",
   publisher = "Cambridge University Press",
   year = "2006",
}


@BOOK{Barucci,
  author    = {{Barucci}, M.~A. and {Boehnhardt}, H. and {Cruikshank}, D.~P. and {Morbidelli}, A.}, 
  title     = {The solar system beyond Neptune},
  publisher = {University of Arizona press},
  year      = {2008},
  series    = {The University of Arizona spice Science},
  edition   = {1},
  isbn      = {9780816527557}
}

@INPROCEEDINGS{2008ASPC..394..619M,
   author = {{Marmo}, C. and {Bertin}, E.},
    title = "{MissFITS and WeightWatcher: Two Optimised Tools for Managing FITS Data.}",
booktitle = {Astronomical Data Analysis Software and Systems XVII},
     year = 2008,
   series = {Astronomical Society of the Pacific Conference Series},
   volume = 394,
   editor = {{Argyle}, R.~W. and {Bunclark}, P.~S. and {Lewis}, J.~R.},
    pages = {619},
   adsurl = {http://adsabs.harvard.edu/abs/2008ASPC..394..619M},
  adsnote = {Provided by the SAO/NASA Astrophysics Data System}
}


@ARTICLE{2011arXiv1112.2671P,
   author = {{Pence}, W. and {Seaman}, R. and {White}, R.},
    title = "{Fpack and Funpack User's Guide: FITS Image Compression Utilities}",
  journal = {ArXiv e-prints},
archivePrefix = "arXiv",
   eprint = {1112.2671},
 primaryClass = "astro-ph.IM",
 keywords = {Astrophysics - Instrumentation and Methods for Astrophysics},
     year = 2011,
   adsurl = {http://adsabs.harvard.edu/abs/2011arXiv1112.2671P},
  adsnote = {Provided by the SAO/NASA Astrophysics Data System}
}


@ARTICLE{2015arXiv150402900F,
   author = {{Flaugher}, B. and {Diehl}, H.~T. and {Honscheid}, K. and {Abbott}, T.~M.~C. and 
  {Alvarez}, O. and {Angstadt}, R. and {Annis}, J.~T. and {Antonik}, M. and 
  {Ballester}, O. and {Beaufore}, L. and {Bernstein}, G.~M. and 
  {Bernstein}, R.~A. and {Bigelow}, B. and {Bonati}, M. and {Boprie}, D. and 
  {Brooks}, D. and {Buckley-Geer}, E.~J. and {Campa}, J. and {Cardiel-Sas}, L. and 
  {Castander}, F.~J. and {Castilla}, J. and {Cease}, H. and {Cela-Ruiz}, J.~M. and 
  {Chappa}, S. and {Chi}, E. and {Cooper}, C. and {da Costa}, L.~N. and 
  {Dede}, E. and {Derylo}, G. and {DePoy}, D.~L. and {de Vicente}, J. and 
  {Doel}, P. and {Drlica-Wagner}, A. and {Eiting}, J. and {Elliott}, A.~E. and 
  {Emes}, J. and {Estrada}, J. and {Fausti Neto}, A. and {Finley}, D.~A. and 
  {Flores}, R. and {Frieman}, J. and {Gerdes}, D. and {Gladders}, M.~D. and 
  {Gregory}, B. and {Gutierrez}, G.~R. and {Hao}, J. and {Holland}, S.~E. and 
  {Holm}, S. and {Huffman}, D. and {Jackson}, C. and {James}, D.~J. and 
  {Jonas}, M. and {Karcher}, A. and {Karliner}, I. and {Kent}, S. and 
  {Kessler}, R. and {Kozlovsky}, M. and {Kron}, R.~G. and {Kubik}, D. and 
  {Kuehn}, K. and {Kuhlmann}, S. and {Kuk}, K. and {Lahav}, O. and 
  {Lathrop}, A. and {Lee}, J. and {Levi}, M.~E. and {Lewis}, P. and 
  {Li}, T.~S. and {Mandrichenko}, I. and {Marshall}, J.~L. and 
  {Martinez}, G. and {Merritt}, K.~W. and {Miquel}, R. and {Munoz}, F. and 
  {Neilsen}, E.~H. and {Nichol}, R.~C. and {Nord}, B. and {Ogando}, R. and 
  {Olsen}, J. and {Palio}, N. and {Patton}, K. and {Peoples}, J. and 
  {Plazas}, A.~A. and {Rauch}, J. and {Reil}, K. and {Rheault}, J.-P. and 
  {Roe}, N.~A. and {Rogers}, H. and {Roodman}, A. and {Sanchez}, E. and 
  {Scarpine}, V. and {Schindler}, R.~H. and {Schmidt}, R. and 
  {Schmitt}, R. and {Schubnell}, M. and {Schultz}, K. and {Schurter}, P. and 
  {Scott}, L. and {Serrano}, S. and {Shaw}, T.~M. and {Smith}, R.~C. and 
  {Soares-Santos}, M. and {Stefanik}, A. and {Stuermer}, W. and 
  {Suchyta}, E. and {Sypniewski}, A. and {Tarle}, G. and {Thaler}, J. and 
  {Tighe}, R. and {Tran}, C. and {Tucker}, D. and {Walker}, A.~R. and 
  {Wang}, G. and {Watson}, M. and {Weaverdyck}, C. and {Wester}, W. and 
  {Woods}, R. and {Yanny}, B.},
    title = "{The Dark Energy Camera}",
  journal = {ArXiv e-prints},
archivePrefix = "arXiv",
   eprint = {1504.02900},
 primaryClass = "astro-ph.IM",
 keywords = {Astrophysics - Instrumentation and Methods for Astrophysics},
     year = 2015,
   adsurl = {http://adsabs.harvard.edu/abs/2015arXiv150402900F},
  adsnote = {Provided by the SAO/NASA Astrophysics Data System}
}



@ARTICLE{2014MPEC....P...57W,
   author = {{Walker}, A. and {Gerdes}, D.},
    title = "{2013 TV158}",
  journal = {Minor Planet Electronic Circulars},
     year = 2014,
    pages = {57},
   adsurl = {http://adsabs.harvard.edu/abs/2014MPEC....P...57W},
  adsnote = {Provided by the SAO/NASA Astrophysics Data System}
}


@INPROCEEDINGS{2003ASPC..295..100S,
   author = {{Seaman}, R. and {Z{\'a}rate}, N. and {Lauer}, T. and {Warner}, P.~B.
  },
    title = "{The NOAO Science Archive, Version 2.0}",
booktitle = {Astronomical Data Analysis Software and Systems XII},
     year = 2003,
   series = {Astronomical Society of the Pacific Conference Series},
   volume = 295,
   editor = {{Payne}, H.~E. and {Jedrzejewski}, R.~I. and {Hook}, R.~N.},
    pages = {100},
   adsurl = {http://adsabs.harvard.edu/abs/2003ASPC..295..100S},
  adsnote = {Provided by the SAO/NASA Astrophysics Data System}
}


@INPROCEEDINGS{2014SPIE.9149E..0VD,
   author = {{Diehl}, H.~T. and {Abbott}, T.~M.~C. and {Annis}, J. and {Armstrong}, R. and 
  {Baruah}, L. and {Bermeo}, A. and {Bernstein}, G. and {Beynon}, E. and 
  {Bruderer}, C. and {Buckley-Geer}, E.~J. and {Campbell}, H. and 
  {Capozzi}, D. and {Carter}, M. and {Casas}, R. and {Clerkin}, L. and 
  {Covarrubias}, R. and {Cuhna}, C. and {D'Andrea}, C. and {da Costa}, L. and 
  {Das}, R. and {DePoy}, D.~L. and {Dietrich}, J. and {Drlica-Wagner}, A. and 
  {Elliott}, A. and {Eifler}, T. and {Estrada}, J. and {Etherington}, J. and 
  {Flaugher}, B.~L. and {Frieman}, J. and {Fausti Neto}, A. and 
  {Gelman}, M. and {Gerdes}, D. and {Gruen}, D. and {Gruendl}, R. and 
  {Hao}, J. and {Head}, H. and {Helsby}, J. and {Hoffman}, K. and 
  {Honscheid}, K. and {James}, D. and {Johnson}, M. and {Kacprzac}, T. and 
  {Katsaros}, J. and {Kennedy}, R. and {Kent}, S. and {Kessler}, R. and 
  {Kim}, A. and {Krause}, E. and {Kron}, R. and {Kuhlmann}, S. and 
  {Kunder}, A. and {Li}, T. and {Lin}, H. and {Maccrann}, N. and 
  {March}, M. and {Marshall}, J. and {Neilsen}, E. and {Nugent}, P. and 
  {Martini}, P. and {Melchior}, P. and {Menanteau}, F. and {Nichol}, R.~C. and 
  {Nord}, B. and {Ogando}, R. and {Old}, L. and {Papadopoulos}, A. and 
  {Patton}, K. and {Petravick}, D. and {Plazas}, A.~A. and {Poulton}, R. and 
  {Pujol}, A. and {Reil}, K. and {Rigby}, T. and {Romer}, A. and 
  {Roodman}, A. and {Rooney}, P. and {Sanchez Alvaro}, E. and 
  {Serrano}, S. and {Sheldon}, E. and {Smith}, A. and {Smith}, R.~C. and 
  {Soares-Santos}, M. and {Soumagnac}, M. and {Spinka}, H. and 
  {Suchyta}, E. and {Tucker}, D. and {Walker}, A.~R. and {Wester}, W. and 
  {Wiesner}, M. and {Wilcox}, H. and {Williams}, R. and {Yanny}, B. and 
  {Zhang}, Y.-.},
    title = "{The Dark Energy Survey and operations: Year 1}",
booktitle = {Society of Photo-Optical Instrumentation Engineers (SPIE) Conference Series},
     year = 2014,
   series = {Society of Photo-Optical Instrumentation Engineers (SPIE) Conference Series},
   volume = 9149,
      eid = {91490V},
    pages = {0},
      doi = {10.1117/12.2056982},
   adsurl = {http://adsabs.harvard.edu/abs/2014SPIE.9149E..0VD},
  adsnote = {Provided by the SAO/NASA Astrophysics Data System}
}


@ARTICLE{2013AJ....145...44Z,
   author = {{Zacharias}, N. and {Finch}, C.~T. and {Girard}, T.~M. and {Henden}, A. and 
  {Bartlett}, J.~L. and {Monet}, D.~G. and {Zacharias}, M.~I.},
    title = "{The Fourth US Naval Observatory CCD Astrograph Catalog (UCAC4)}",
  journal = {The Astronomical Journal},
archivePrefix = "arXiv",
   eprint = {1212.6182},
 primaryClass = "astro-ph.IM",
 keywords = {astrometry, catalogs, reference systems, stars: kinematics and dynamics},
     year = 2013,
   volume = 145,
      eid = {44},
    pages = {44},
      doi = {10.1088/0004-6256/145/2/44},
   adsurl = {http://adsabs.harvard.edu/abs/2013AJ....145...44Z},
  adsnote = {Provided by the SAO/NASA Astrophysics Data System}
}

@ARTICLE{2017Natur.550..219O,
   author = {{Ortiz}, J.~L. and {Santos-Sanz}, P. and {Sicardy}, B. and {Benedetti-Rossi}, G. and 
  {B{\'e}rard}, D. and {Morales}, N. and {Duffard}, R. and {Braga-Ribas}, F. and 
  {Hopp}, U. and {Ries}, C. and {Nascimbeni}, V. and {Marzari}, F. and 
  {Granata}, V. and {P{\'a}l}, A. and {Kiss}, C. and {Pribulla}, T. and 
  {Kom{\v z}{\'{\i}}k}, R. and {Hornoch}, K. and {Pravec}, P. and 
  {Bacci}, P. and {Maestripieri}, M. and {Nerli}, L. and {Mazzei}, L. and 
  {Bachini}, M. and {Martinelli}, F. and {Succi}, G. and {Ciabattari}, F. and 
  {Mikuz}, H. and {Carbognani}, A. and {Gaehrken}, B. and {Mottola}, S. and 
  {Hellmich}, S. and {Rommel}, F.~L. and {Fern{\'a}ndez-Valenzuela}, E. and 
  {Bagatin}, A.~C. and {Cikota}, S. and {Cikota}, A. and {Lecacheux}, J. and 
  {Vieira-Martins}, R. and {Camargo}, J.~I.~B. and {Assafin}, M. and 
  {Colas}, F. and {Behrend}, R. and {Desmars}, J. and {Meza}, E. and 
  {Alvarez-Candal}, A. and {Beisker}, W. and {Gomes-Junior}, A.~R. and 
  {Morgado}, B.~E. and {Roques}, F. and {Vachier}, F. and {Berthier}, J. and 
  {Mueller}, T.~G. and {Madiedo}, J.~M. and {Unsalan}, O. and 
  {Sonbas}, E. and {Karaman}, N. and {Erece}, O. and {Koseoglu}, D.~T. and 
  {Ozisik}, T. and {Kalkan}, S. and {Guney}, Y. and {Niaei}, M.~S. and 
  {Satir}, O. and {Yesilyaprak}, C. and {Puskullu}, C. and {Kabas}, A. and 
  {Demircan}, O. and {Alikakos}, J. and {Charmandaris}, V. and 
  {Leto}, G. and {Ohlert}, J. and {Christille}, J.~M. and {Szak{\'a}ts}, R. and 
  {Farkas}, A.~T. and {Varga-Vereb{\'e}lyi}, E. and {Marton}, G. and 
  {Marciniak}, A. and {Bartczak}, P. and {Santana-Ros}, T. and 
  {Butkiewicz-B{\c a}k}, M. and {Dudzi{\'n}ski}, G. and {Al{\'{\i}}-Lagoa}, V. and 
  {Gazeas}, K. and {Tzouganatos}, L. and {Paschalis}, N. and {Tsamis}, V. and 
  {S{\'a}nchez-Lavega}, A. and {P{\'e}rez-Hoyos}, S. and {Hueso}, R. and 
  {Guirado}, J.~C. and {Peris}, V. and {Iglesias-Marzoa}, R.},
    title = "{The size, shape, density and ring of the dwarf planet Haumea from a stellar occultation}",
  journal = {\\nat},
     year = 2017,
    month = oct,
   volume = 550,
    pages = {219-223},
      doi = {10.1038/nature24051},
   adsurl = {http://adsabs.harvard.edu/abs/2017Natur.550..219O},
  adsnote = {Provided by the SAO/NASA Astrophysics Data System}
}

@article{1538-3881-136-5-1757,
  author={E. F. Young and R. G. French and L. A. Young and C. R. Ruhland and M. W. Buie and C. B. Olkin and J. Regester and K.
Shoemaker and G. Blow and J. Broughton and G. Christie and D. Gault and B. Lade and T. Natusch},
  title={Vertical Structure in Pluto's Atmosphere from the 2006 June 12 Stellar Occultation},
  journal={The Astronomical Journal},
  volume={136},
  number={5},
  pages={1757},
  url={http://stacks.iop.org/1538-3881/136/i=5/a=1757},
  year={2008},
}

@ARTICLE{2006Natur.439...52S,
   author = {{Sicardy}, B. and {Bellucci}, A. and {Gendron}, E. and {Lacombe}, F. and 
  {Lacour}, S. and {Lecacheux}, J. and {Lellouch}, E. and {Renner}, S. and 
  {Pau}, S. and {Roques}, F. and {Widemann}, T. and {Colas}, F. and 
  {Vachier}, F. and {Martins}, R.~V. and {Ageorges}, N. and {Hainaut}, O. and 
  {Marco}, O. and {Beisker}, W. and {Hummel}, E. and {Feinstein}, C. and 
  {Levato}, H. and {Maury}, A. and {Frappa}, E. and {Gaillard}, B. and 
  {Lavayssi{\`e}re}, M. and {di Sora}, M. and {Mallia}, F. and 
  {Masi}, G. and {Behrend}, R. and {Carrier}, F. and {Mousis}, O. and 
  {Rousselot}, P. and {Alvarez-Candal}, A. and {Lazzaro}, D. and 
  {Veiga}, C. and {Andrei}, A.~H. and {Assafin}, M. and {da Silva Neto}, D.~N. and 
  {Jacques}, C. and {Pimentel}, E. and {Weaver}, D. and {Lecampion}, J.-F. and 
  {Doncel}, F. and {Momiyama}, T. and {Tancredi}, G.},
    title = "{Charon's size and an upper limit on its atmosphere from a stellar occultation}",
  journal = {\\nat},
     year = 2006,
    month = jan,
   volume = 439,
    pages = {52-54},
      doi = {10.1038/nature04351},
   adsurl = {http://adsabs.harvard.edu/abs/2006Natur.439...52S},
  adsnote = {Provided by the SAO/NASA Astrophysics Data System}
}

@ARTICLE{2010AA...515A..32A,
   author = {{Assafin}, M. and {Camargo}, J.~I.~B. and {Vieira Martins}, R. and 
  {Andrei}, A.~H. and {Sicardy}, B. and {Young}, L. and {da Silva Neto}, D.~N. and 
  {Braga-Ribas}, F.},
    title = "{Precise predictions of stellar occultations by Pluto, Charon, Nix, and Hydra for 2008-2015}",
  journal = {\aap},
 keywords = {astrometry, occultations, planets and satellites: individual: Pluto, planets and satellites: individual: Charon, planets and satellites: individual: Nix, planets and satellites: individual: Hydra},
     year = 2010,
    month = jun,
   volume = 515,
      eid = {A32},
    pages = {A32},
      doi = {10.1051/0004-6361/200913690},
   adsurl = {http://adsabs.harvard.edu/abs/2010A%26A...515A..32A},
  adsnote = {Provided by the SAO/NASA Astrophysics Data System}
}


@ARTICLE{2014AA...561A..37C,
   author = {{Camargo}, J.~I.~B. and {Vieira-Martins}, R. and {Assafin}, M. and 
  {Braga-Ribas}, F. and {Sicardy}, B. and {Desmars}, J. and {Andrei}, A.~H. and 
  {Benedetti-Rossi}, G. and {Dias-Oliveira}, A.},
    title = "{Candidate stellar occultations by Centaurs and trans-Neptunian objects up to 2014}",
  journal = {\aap},
 keywords = {astrometry, occultations, Kuiper belt: general},
     year = 2014,
    month = jan,
   volume = 561,
      eid = {A37},
    pages = {A37},
      doi = {10.1051/0004-6361/201322579},
   adsurl = {http://adsabs.harvard.edu/abs/2014A%26A...561A..37C},
  adsnote = {Provided by the SAO/NASA Astrophysics Data System}
}

@ARTICLE{2016A&A...595A...4L,
   author = {{Lindegren}, L. and {Lammers}, U. and {Bastian}, U. and {Hern{\'a}ndez}, J. and 
  {Klioner}, S. and {Hobbs}, D. and {Bombrun}, A. and {Michalik}, D. and 
  {Ramos-Lerate}, M. and {Butkevich}, A. and {Comoretto}, G. and 
  {Joliet}, E. and {Holl}, B. and {Hutton}, A. and {Parsons}, P. and 
  {Steidelm{\"u}ller}, H. and {Abbas}, U. and {Altmann}, M. and 
  {Andrei}, A. and {Anton}, S. and {Bach}, N. and {Barache}, C. and 
  {Becciani}, U. and {Berthier}, J. and {Bianchi}, L. and {Biermann}, M. and 
  {Bouquillon}, S. and {Bourda}, G. and {Br{\"u}semeister}, T. and 
  {Bucciarelli}, B. and {Busonero}, D. and {Carlucci}, T. and 
  {Casta{\~n}eda}, J. and {Charlot}, P. and {Clotet}, M. and {Crosta}, M. and 
  {Davidson}, M. and {de Felice}, F. and {Drimmel}, R. and {Fabricius}, C. and 
  {Fienga}, A. and {Figueras}, F. and {Fraile}, E. and {Gai}, M. and 
  {Garralda}, N. and {Geyer}, R. and {Gonz{\'a}lez-Vidal}, J.~J. and 
  {Guerra}, R. and {Hambly}, N.~C. and {Hauser}, M. and {Jordan}, S. and 
  {Lattanzi}, M.~G. and {Lenhardt}, H. and {Liao}, S. and {L{\"o}ffler}, W. and 
  {McMillan}, P.~J. and {Mignard}, F. and {Mora}, A. and {Morbidelli}, R. and 
  {Portell}, J. and {Riva}, A. and {Sarasso}, M. and {Serraller}, I. and 
  {Siddiqui}, H. and {Smart}, R. and {Spagna}, A. and {Stampa}, U. and 
  {Steele}, I. and {Taris}, F. and {Torra}, J. and {van Reeven}, W. and 
  {Vecchiato}, A. and {Zschocke}, S. and {de Bruijne}, J. and 
  {Gracia}, G. and {Raison}, F. and {Lister}, T. and {Marchant}, J. and 
  {Messineo}, R. and {Soffel}, M. and {Osorio}, J. and {de Torres}, A. and 
  {O'Mullane}, W.},
    title = "{Gaia Data Release 1. Astrometry: one billion positions, two million proper motions and parallaxes}",
  journal = {A\&A},
archivePrefix = "arXiv",
   eprint = {1609.04303},
 keywords = {astrometry, parallaxes, proper motions, methods: data analysis, space vehicles: instruments, reference systems},
     year = 2016,
    month = nov,
   volume = 595,
      eid = {A4},
    pages = {A4},
      doi = {10.1051/0004-6361/201628714},
   adsurl = {http://adsabs.harvard.edu/abs/2016A%26A...595A...4L},
  adsnote = {Provided by the SAO/NASA Astrophysics Data System}
}
@ARTICLE{2017arXiv171010816K,
   author = {{Katz}, D. and {Brown}, A.~G.~A.},
    title = "{Gaia: on the road to DR2}",
  journal = {ArXiv e-prints},
archivePrefix = "arXiv",
   eprint = {1710.10816},
 keywords = {Astrophysics - Astrophysics of Galaxies, Astrophysics - Instrumentation and Methods for Astrophysics},
     year = 2017,
    month = oct,
   adsurl = {http://adsabs.harvard.edu/abs/2017arXiv171010816K},
  adsnote = {Provided by the SAO/NASA Astrophysics Data System}
}
@ARTICLE{2009arXiv0912.0201L,
   author = {{LSST Science Collaboration} and {Abell}, P.~A. and {Allison}, J. and 
  {Anderson}, S.~F. and {Andrew}, J.~R. and {Angel}, J.~R.~P. and 
  {Armus}, L. and {Arnett}, D. and {Asztalos}, S.~J. and {Axelrod}, T.~S. and et al.},
    title = "{LSST Science Book, Version 2.0}",
  journal = {ArXiv e-prints},
archivePrefix = "arXiv",
   eprint = {0912.0201},
 primaryClass = "astro-ph.IM",
 keywords = {Astrophysics - Instrumentation and Methods for Astrophysics, Astrophysics - Cosmology and Extragalactic Astrophysics, Astrophysics - Earth and Planetary Astrophysics, Astrophysics - Galaxy Astrophysics, Astrophysics - Solar and Stellar Astrophysics},
     year = 2009,
    month = dec,
   adsurl = {http://adsabs.harvard.edu/abs/2009arXiv0912.0201L},
  adsnote = {Provided by the SAO/NASA Astrophysics Data System}
}

@ARTICLE{2016A&A...595A...1G,
   author = {{Gaia Collaboration} and {Prusti}, T. and {de Bruijne}, J.~H.~J. and 
  {Brown}, A.~G.~A. and {Vallenari}, A. and {Babusiaux}, C. and 
  {Bailer-Jones}, C.~A.~L. and {Bastian}, U. and {Biermann}, M. and 
  {Evans}, D.~W. and et al.},
    title = "{The Gaia mission}",
  journal = {A\&A},
archivePrefix = "arXiv",
   eprint = {1609.04153},
 primaryClass = "astro-ph.IM",
 keywords = {space vehicles: instruments, Galaxy: structure, astrometry, parallaxes, proper motions, telescopes},
     year = 2016,
    month = nov,
   volume = 595,
      eid = {A1},
    pages = {A1},
      doi = {10.1051/0004-6361/201629272},
   adsurl = {http://adsabs.harvard.edu/abs/2016A%26A...595A...1G},
  adsnote = {Provided by the SAO/NASA Astrophysics Data System}
}



